@inproceedings{40673,
	title = {Distributed Electronic Rights in JavaScript},
	author  = {Mark S. Miller and Tom Van Cutsem and Bill Tulloh},
	year  = 2013,
	booktitle = {ESOP'13 22nd European Symposium on Programming}
}

@inproceedings{43808,
title = {Swapsies on the Internet: First Steps towards Reasoning about Risk and Trust in an Open World},
author  = {Sophia Drossopoulou and James Noble and Mark S. Miller},
year  = 2015,
booktitle = {Tenth Workshop on Programming Languages and Analysis for Security (PLAS 2015)}
}

@techreport{44272,
	title = {Reasoning about Risk and Trust in an Open World},
	author  = {Sophia Drossopoulou and James Noble and Toby Murray and Mark S. Miller},
	year  = 2015,
	URL = {http://ecs.victoria.ac.nz/foswiki/pub/Main/TechnicalReportSeries/ECSTR15-08.pdf},
	institution = {Victoria University of Wellington}
}

@inproceedings{37199,
	title = {Automated Analysis of Security-Critical JavaScript APIs},
	author  = {Ankur Taly and Ãšlfar Erlingsson and John C. Mitchell and Mark S. Miller and Jasvir Nagra},
	year  = 2011,
	URL = {http://www-cs-students.stanford.edu/~ataly/Papers/sp11.pdf},
	booktitle = {IEEE Symposium on Security & Privacy (SP)}
}

@inproceedings{38394,
	title = {Protecting Browsers from Extension Vulnerabilities},
	author  = {Adam Barth and Adrienne Porter Felt and Prateek Saxena and Aaron Boodman},
	year  = 2010,
	booktitle = {Network and Distributed System Security Symposium}
}

@article{34908,
	title = {Learning to be a software engineer in a complex organization: A case study focusing on apprenticeship/practice based learning for getting new engineers productive in contributing to the Google codebase},
	author  = {Maggie Johnson and Max Senges},
	year  = 2010,
	URL = {http://dx.doi.org/10.1108/13665621011028620},
	journal = {Journal of Workplace Learning},
	pages = {180-194},
	volume  = {22, no. 3}
}

@article{41881,
	title = {The Google Technical Interview},
	author  = {Dean Jackson},
	year  = 2013,
	URL = {http://xrds.acm.org/article.cfm?aid=2539270f},
	journal = {XRDS},
	pages = {12-14},
	volume  = {Volume 20, No. 2}
}




