@inproceedings{40673,
	title = {Distributed Electronic Rights in JavaScript},
	author  = {Mark S. Miller and Tom Van Cutsem and Bill Tulloh},
	year  = 2013,
	booktitle = {ESOP'13 22nd European Symposium on Programming}
}

@techreport{44272,
	title = {Reasoning about Risk and Trust in an Open World},
	author  = {Sophia Drossopoulou and James Noble and Toby Murray and Mark S. Miller},
	year  = 2015,
	URL = {http://ecs.victoria.ac.nz/foswiki/pub/Main/TechnicalReportSeries/ECSTR15-08.pdf},
	institution = {Victoria University of Wellington}
}

@inproceedings{37199,
	title = {Automated Analysis of Security-Critical JavaScript APIs},
	author  = {Ankur Taly and Ãšlfar Erlingsson and John C. Mitchell and Mark S. Miller and Jasvir Nagra},
	year  = 2011,
	URL = {http://www-cs-students.stanford.edu/~ataly/Papers/sp11.pdf},
	booktitle = {IEEE Symposium on Security & Privacy (SP)}
}

@misc{20-things,
	title = {20 Things I learned About Browsers and the Web},
	URL = {https://www.google.com/webhp?sourceid=chrome-instant&ion=1&espv=2&ie=UTF-8#q=20%20things%20i%20learned%20about%20browsers%20and%20the%20web%20pdf},
	note = {Accessed: 2016-04-12}
}

@inproceedings{41323,
	title = {Alice in Warningland: A Large-Scale Field Study of Browser Security Warning Effectiveness},
	author  = {Devdatta Akhawe and Adrienne Porter Felt},
	year  = 2013,
	booktitle = {USENIX Security Symposium}
}

@incollection{36731,
	title = {Practical Privacy Concerns in a Real World Browser},
	author  = {Ian Fette and Jochen Eisinger},
	year  = 2010,
	URL = {http://www.w3.org/2010/api-privacy-ws/papers/privacy-ws-24.pdf},
	booktitle = {W3C Workshop on Privacy for Advanced Web APIs},
	pages = {4}
}

@misc{what-browser,
	title = {What browser am I using?},
	URL = {http://www.whatbrowser.org/},
	note = {Accessed: 2016-04-12}
}

@misc{chrome-comic,
	title = {Google Chrome},
	author  = {Illustrated by Scott McCloud},
	URL = {http://blogoscoped.com/google-chrome/},
	note = {Accessed: 2016-04-12}
}

@misc{evolution-of-the-web,
	title = {Evolution of the Web},
	URL = {http://www.evolutionoftheweb.com/},
	note = {Accessed: 2016-04-12}
}

@misc{chrome-extension-docs,
	title = {Getting Started: Building a Chrome Extension},
	URL = {https://developer.chrome.com/extensions/getstarted/},
	note = {Accessed: 2016-04-12}
}

@misc{google-tone,
	title = {Tone: An experimental Chrome extension for instant sharing over audio},
	URL = {http://googleresearch.blogspot.com/2015/05/tone-experimental-chrome-extension-for.html/},
	note = {Accessed: 2016-04-12}
}

@inproceedings{38394,
	title = {Protecting Browsers from Extension Vulnerabilities},
	author  = {Adam Barth and Adrienne Porter Felt and Prateek Saxena and Aaron Boodman},
	year  = 2010,
	booktitle = {Network and Distributed System Security Symposium}
}

@misc{Whata95:online,
	author = {},
	title = {What are extensions? - Google Chrome},
	howpublished = {\url{https://developer.chrome.com/extensions}},
	month = {},
	year = {},
	note = {(Accessed on 04/30/2016)}
}

@article{42934,
	title = {Securing the Tangled Web},
	author  = {Christoph Kern},
	year  = 2014,
	URL = {http://dx.doi.org/10.1145/2643134},
	journal = {Communications of the ACM},
	pages = {38--47},
	volume  = {57, no. 9}
}

@inproceedings{34924,
	title = {Isolating Web Programs in Modern Browser Architectures},
	author  = {Charles Reis and Steven D. Gribble},
	year  = 2009,
	URL = {http://portal.acm.org/citation.cfm?doid=1519065.1519090},
	booktitle = {Eurosys},
	address = {Nuremburg}
}

@misc{Cloud45:online,
	author = {},
	title = {Cloud To Butt Plus - Chrome Web Store},
	howpublished = {\url{https://chrome.google.com/webstore/detail/cloud-to-butt-plus/apmlngnhgbnjpajelfkmabhkfapgnoai?hl=en}},
	month = {},
	year = {},
	note = {(Accessed on 05/01/2016)}
}

@misc{wikib0:online,
	author = {},
	title = {wikiblocks/wikiblocks-chrome: A Chrome Extension that helps you find blocks that are relevant to a Wikipedia article.},
	howpublished = {\url{https://github.com/wikiblocks/wikiblocks-chrome}},
	month = {},
	year = {},
	note = {(Accessed on 05/01/2016)}
}

@misc{About26:online,
	author = {},
	title = {About | Opera},
	howpublished = {\url{http://www.opera.com/about}},
	month = {},
	year = {},
	note = {(Accessed on 05/01/2016)}
}

@misc{5feat81:online,
	author = {},
	title = {5 features Opera Browser did first - SlashGeek SlashGeek},
	howpublished = {\url{http://www.slashgeek.net/2012/06/08/5-features-opera-browser-did-first/}},
	month = {},
	year = {},
	note = {(Accessed on 05/01/2016)}
}

@misc{Whata43:online,
	author = {},
	title = {What are Cookies - Computer Cookies - What is a Cookie},
	howpublished = {\url{http://www.whatarecookies.com/}},
	month = {},
	year = {},
	note = {(Accessed on 05/01/2016)}
}

@misc{Givin8:online,
	author = {},
	title = {Giving gamers two windows to the Web: The Opera Browser for Nintendo DS | Opera},
	howpublished = {\url{http://www.operasoftware.com/press/releases/devices/giving-gamers-two-windows-to-the-web-the-opera-browser-for-nintendo-dsa}},
	month = {},
	year = {},
	note = {(Accessed on 05/01/2016)}
}

@misc{Inter45:online,
	author = {},
	title = {Internet Explorer is Microsoft},
	howpublished = {\url{https://www.cs.duke.edu/courses/spring01/cps049s/class/html/iehistory.htm}},
	month = {},
	year = {},
	note = {(Accessed on 05/01/2016)}
}

@misc{Mozil77:online,
	author = {},
	title = {Mozilla Recognized as Most Trusted Internet Company for Privacy | The Mozilla Blog},
	howpublished = {\url{https://blog.mozilla.org/blog/2013/01/28/privacy-day-2013/}},
	month = {},
	year = {},
	note = {(Accessed on 05/02/2016)}
}

@misc{Googl36:online,
	author = {},
	title = {Google Chrome - Browser Security},
	howpublished = {\url{https://tools.google.com/dlpage/res/chrome/en-GB/more/security.html}},
	month = {},
	year = {},
	note = {(Accessed on 05/02/2016)}
}

@misc{Mozil34:online,
	author = {},
	title = {Mozilla CEO says Apple's Safari auto-update 'wrong' - CNET},
	howpublished = {\url{http://www.cnet.com/news/mozilla-ceo-says-apples-safari-auto-update-wrong/}},
	month = {},
	year = {},
	note = {(Accessed on 05/02/2016)}
}

@misc{brows80:online,
	author = {},
	title = {browser-archevol-20060619.pdf},
	howpublished = {\url{http://grosskurth.ca/papers/browser-archevol-20060619.pdf}},
	month = {},
	year = {},
	note = {(Accessed on 05/02/2016)}
}

@misc{Googl14:online,
	author = {},
	title = {Google unveils Chrome source code and Linux port | Ars Technica},
	howpublished = {\url{http://arstechnica.com/information-technology/2008/09/google-unveils-chrome-source-code-and-linux-port/}},
	month = {},
	year = {},
	note = {(Accessed on 05/02/2016)}
}

@misc{JavaS76:online,
	author = {},
	title = {JavaScript | MDN},
	howpublished = {\url{https://developer.mozilla.org/en-US/docs/Web/JavaScript}},
	month = {},
	year = {},
	note = {(Accessed on 05/02/2016)}
}

@misc{Top1046:online,
	author = {},
	title = {Top 10 2013-Top 10 - OWASP},
	howpublished = {\url{https://www.owasp.org/index.php/Top_10_2013-Top_10}},
	month = {},
	year = {},
	note = {(Accessed on 05/02/2016)}
}

@misc{xkcd:10:online,
	author = {},
	title = {xkcd: Exploits of a Mom},
	howpublished = {\url{https://xkcd.com/327/}},
	month = {},
	year = {},
	note = {(Accessed on 05/02/2016)}
}

@misc{AcidT95:online,
	author = {},
	title = {Acid Tests - The Web Standards Project},
	howpublished = {\url{http://www.acidtests.org/}},
	month = {},
	year = {},
	note = {(Accessed on 05/02/2016)}
}

@misc{TheWe20:online,
	author = {},
	title = {The Web Standards Project},
	howpublished = {\url{http://www.webstandards.org/}},
	month = {},
	year = {},
	note = {(Accessed on 05/02/2016)}
}

@misc{Frequ89:online,
	author = {},
	title = {Frequently asked questions by the Press - Tim BL},
	howpublished = {\url{https://www.w3.org/People/Berners-Lee/FAQ.html#browser}},
	month = {},
	year = {},
	note = {(Accessed on 05/02/2016)}
}

@misc{Remem57:online,
	author = {},
	title = {Remembering Netscape: The Birth Of The Web - July 25, 2005},
	howpublished = {\url{https://web.archive.org/web/20060427112146/http://money.cnn.com/magazines/fortune/fortune_archive/2005/07/25/8266639/index.htm}},
	month = {},
	year = {},
	note = {(Accessed on 05/02/2016)}
}

@misc{Brave19:online,
	author = {},
	title = {Brave Software | Building a Better Web},
	howpublished = {\url{https://www.brave.com/}},
	month = {},
	year = {},
	note = {(Accessed on 05/02/2016)}
}

@misc{Googl45:online,
	author = {},
	title = {Google Chrome - Wikipedia, the free encyclopedia},
	howpublished = {\url{https://en.wikipedia.org/wiki/Google_Chrome}},
	month = {},
	year = {},
	note = {(Accessed on 05/02/2016)}
}

@misc{Servo40:online,
	author = {},
	title = {Servo, the parallel browser engine},
	howpublished = {\url{https://servo.org/}},
	month = {},
	year = {},
	note = {(Accessed on 05/02/2016)}
}